@conference{gerenyunpan,
  title={中国个人云盘行业研究报告},
  author={艾瑞咨询},
  year={2018},
}
@article{yunchucun,
  title={云储存技术及其应用},
  author={周可 and 王桦 and 李春花},
  journal={中兴通信技术},
}
@article{gongneng,
	title={网络云盘介绍--以360云盘和百度云为例},
	author={李新宇},
	journal={无线互联科技},
}
@article{anquan,
	title={A secure regenerating code‐based cloud storage with efficient integrity verification},
	author={Lakshmi V.S. and Deepthi P.P.},
	journal={International Journal of Communication Systems},
}
@article{qiye,
	title={Towards a fast and secure design for enterprise‐oriented cloud storage systems},
	author={Fang Dong and Pengcheng Zhou and Zijian Liu and Dian Shen and Zhuqing Xu and Junzhou Luo},
	journal={Concurrency and Computation: Practice and Experience},
}